<?xml version="1.0" encoding="UTF-8"?><collection xmlns="http://www.loc.gov/MARC21/slim"><record><leader>00430nam--2200133-i-4500</leader><controlfield tag="001">000015473</controlfield><controlfield tag="002">20161230</controlfield><controlfield tag="005">20161230201031</controlfield><controlfield tag="008">060222s1000------------r-----000-0-eng-d</controlfield><datafield ind1=" " ind2=" " tag="080"><subfield code="a">621.3.681.5=590=498</subfield></datafield><datafield ind1=" " ind2=" " tag="100"><subfield code="a">Brebene Lidia, Condruc M. Si Petrescu M</subfield></datafield><datafield ind1=" " ind2=" " tag="245"><subfield code="a">Dictionar de electrotehnica, electronica, telecomunicatii, automatica si cibernetica roman-rus</subfield></datafield><datafield ind1=" " ind2=" " tag="260"><subfield code="a">Bucuresti, Editura Tehnica, 1985 1280 P</subfield></datafield><datafield ind1=" " ind2=" " tag="852"><subfield code="a">D.655</subfield></datafield></record></collection>